% Encoding: UTF-8

@Article{dabstandard,
  author  = {{EN ETSI}},
  title   = {300 401 Ver. 1.4.1: Radio Broadcasting Systems},
  journal = {Digital Audio Broadcasting (DAB) to mobile, portable and fixed receivers},
  year    = {Jan 2006},
}

@Comment{jabref-meta: databaseType:bibtex;}
